%% This BibTeX bibliography file was created using BibDesk.
%% http://bibdesk.sourceforge.net/


%% Created for Jotunheim at 2015-05-07 16:06:44 +0800 


%% Saved with string encoding Unicode (UTF-8) 



@url{mxw4,
	Date-Added = {2015-05-07 08:06:23 +0000},
	Date-Modified = {2015-05-07 08:06:44 +0000},
	Title = {http://research.microsoft.com/en-us/projects/cleartype/}}

@url{mxw3,
	Date-Added = {2015-05-07 08:06:11 +0000},
	Date-Modified = {2015-05-07 08:06:21 +0000},
	Title = {https://www.typotheque.com/articles/hinting}}

@url{mxw2,
	Date-Added = {2015-05-07 07:58:45 +0000},
	Date-Modified = {2015-05-07 08:03:44 +0000},
	Title = {http://blog.typekit.com/2013/05/01/hi-dpi-typography/}}

@article{mxw1,
	Author = {舒忠梅，胡金柱，左亚尧},
	Date-Added = {2015-05-07 07:54:11 +0000},
	Date-Modified = {2015-05-07 07:56:43 +0000},
	Journal = {计算机应用研究},
	Pages = {25-26, 30},
	Title = {浅析TrueType中的Hinting原理及相关技术},
	Volume = {7},
	Year = {1999}}

@booklet{lj1,
	Author = {Mick Winters},
	Date-Added = {2015-05-07 07:43:45 +0000},
	Date-Modified = {2015-05-07 07:45:22 +0000},
	Title = {How to Choose Fonts How to Choose Fonts(A Practical Guide to Web-Optimized Typefaces)}}

@article{cyt6,
	Author = { Bob Baumel},
	Date-Added = {2015-05-07 00:15:00 +0000},
	Date-Modified = {2015-05-07 00:18:21 +0000},
	Title = {Improving Appearance of Arial Font on the Macintosh},
	Year = {1999}}

@book{cyt3,
	Address = {USA},
	Author = {David Kadavy},
	Date-Added = {2015-05-07 00:11:40 +0000},
	Date-Modified = {2015-05-07 00:12:30 +0000},
	Publisher = { Wiley},
	Title = {Design for Hackers: Reverse Engineering Beauty},
	Year = {2011}}

@article{cyt5,
	Author = {Microsoft Corporation},
	Date-Added = {2015-05-06 15:56:28 +0000},
	Date-Modified = {2015-05-06 15:57:54 +0000},
	Title = {Microsoft Typography - Arial},
	Year = {2010-07-02}}

@url{cyt4,
	Author = {VoxATypI classification},
	Date-Added = {2015-05-06 15:55:09 +0000},
	Date-Modified = {2015-05-06 16:09:46 +0000},
	Title = {http://en.wikipedia.org/wiki/VoxATypI\_classification},
	Urldate = {http://en.wikipedia.org/wiki/VoxATypI\_classification}}

@url{cyt2,
	Author = {Full library of typekit},
	Date-Added = {2015-05-06 15:45:29 +0000},
	Date-Modified = {2015-05-06 16:10:43 +0000},
	Lastchecked = {https://typekit.com/fonts},
	Title = {https://typekit.com/fonts},
	Url = {https://typekit.com/fonts},
	Urldate = {https://typekit.com/fonts},
	Bdsk-Url-1 = {https://typekit.com/fonts}}

@article{cyt1,
	Author = {Microsoft Corporation},
	Date-Added = {2015-05-06 15:39:03 +0000},
	Date-Modified = {2015-05-06 15:39:59 +0000},
	Title = {TrueType core fonts for the Web},
	Year = {2001}}

@book{nutshell,
	Author = {Jennifer Niederst Robbins},
	Date-Added = {2015-05-05 02:28:27 +0000},
	Date-Modified = {2015-05-05 02:29:54 +0000},
	Publisher = {O'Reilly Media, Inc.},
	Title = {Web Design in a Nutshell, Third Edition},
	Year = {2006}}
