@book{ref1,
	title="Digital Image Processing Using MATLAB",
	author="Rafael C.Gonzalez, Richard E. Woods, Steven L. Ediins",
	publisher="Prentice-Hall, Inc",
	year="2003",
	address="Upper Saddle River, NJ, USA",
}
@article{ref2,
    author = "Imocha O Singh, Tejmani Sinam, James O T", 
    title = "Local Contrast and Mean Based Thresholding Technique in Image Binarization",
    journal = "International Journal of Computer", 
    volume = "51(6)", 
    pages = "0975-8887", 
    year = "2012",
}

@book{ref3,
	title="数字图像处理与机器视觉（Visual C++与Matlab实现）",
	author="张铮，王艳平，薛桂香",
	publisher="人民邮电出版社",
	year="2010",
	address="北京",
}